@online{swarm-overview,
    title = {Swarm mode overview},
    howpublished = {\url{https://docs.docker.com/engine/swarm/}}
}

@online{swarm-keys,
    title = {Swarm key concepts},
    howpublished = {\url{https://docs.docker.com/engine/swarm/key-concepts/}}
}

@online{swarm-tuto,
    title = {Swarm tutorial},
    howpublished = {\url{https://docs.docker.com/engine/swarm/swarm-tutorial/}}
}

@online{simplilearn,
    title = {What is Docker Swarm ?},
    howpublished = {\url{https://www.simplilearn.com/tutorials/docker-tutorial/docker-swarm}}
}

@online{sumologic,
    title = {Definition \& Overview},
    howpublished = {\url{https://www.sumologic.com/glossary/docker-swarm/}}
}
